@article{journals/ram/BeltaBEFKP07,
  added-at = {2013-09-27T00:00:00.000+0200},
  author = {Belta, Calin and Bicchi, Antonio and Egerstedt, Magnus and Frazzoli, Emilio and Klavins, Eric and Pappas, George J.},
  biburl = {http://www.bibsonomy.org/bibtex/29409ea821430077c2fc4b8e01e922e98/dblp},
  ee = {http://dx.doi.org/10.1109/MRA.2007.339624},
  interhash = {c0c2a42c72ccc6dd63cf7174cbe4a8bb},
  intrahash = {9409ea821430077c2fc4b8e01e922e98},
  journal = {IEEE Robot. Automat. Mag.},
  keywords = {dblp},
  number = 1,
  pages = {61-70},
  timestamp = {2013-09-27T00:00:00.000+0200},
  title = {Symbolic planning and control of robot motion [Grand Challenges of Robotics].},
  url = {http://dblp.uni-trier.de/db/journals/ram/ram14.html#BeltaBEFKP07},
  volume = 14,
  year = 2007
}

@MISC{Kress-Gazit08translatingstructured,
    author = {Hadas Kress-Gazit and Georgios E. Fainekos and George J. Pappas},
    title = { Translating Structured English to Robot Controllers},
    year = {2008}
}


@article{ballat,
  author = {A. LaViers, Y. Chen, C. Belta, and M. Egerstedt},
   title = {Automatic Sequencing of Ballet Poses},
   journal = {IEEE Robotics and Automation Magazine},
   volume = 18,
   number = 3,
   pages = {87-95},
   year =  2011
   }

@inproceedings{conf/iros/FinucaneJK10,
  added-at = {2011-08-26T00:00:00.000+0200},
  author = {Finucane, Cameron and Jing, Gangyuan and Kress-Gazit, Hadas},
  biburl = {http://www.bibsonomy.org/bibtex/22219c51dd3d1f57e0b81c39ee48650aa/dblp},
  booktitle = {IROS},
  crossref = {conf/iros/2010},
  ee = {http://dx.doi.org/10.1109/IROS.2010.5650371},
  interhash = {c14983988149c586e52f0096df15bb30},
  intrahash = {2219c51dd3d1f57e0b81c39ee48650aa},
  isbn = {978-1-4244-6674-0},
  keywords = {dblp},
  pages = {1988-1993},
  publisher = {IEEE},
  timestamp = {2011-08-26T00:00:00.000+0200},
  title = {LTLMoP: Experimenting with language, Temporal Logic and robot control.},
  url = {http://dblp.uni-trier.de/db/conf/iros/iros2010.html#FinucaneJK10},
  year = 2010
}